%% This BibTeX bibliography file was created using BibDesk.
%% https://bibdesk.sourceforge.io/

%% Created for Pauline Jacsont at 2021-04-03 19:13:25 +0200 


%% Saved with string encoding Unicode (UTF-8) 



@book{Infectum-s.c,
	address = {Bruxelle},
	author = {Keller, Madeleine},
	date-added = {2021-03-17 19:12:04 +0100},
	date-modified = {2021-03-17 19:13:27 +0100},
	keywords = {secondaire},
	publisher = {Latomus},
	title = {Les verbes latins {\`a} infectum en -sc- : {\'e}tude morphologique {\`a} partir des formations attest{\'e}es d{\`e}s l'{\'e}poque pr{\'e}classique},
	year = {1992}}

@book{Storia_latina,
	address = {Turin},
	author = {Vittore Pisani},
	date-added = {2021-03-14 19:16:43 +0100},
	date-modified = {2021-03-14 19:17:51 +0100},
	keywords = {secondaire},
	publisher = {Rosenberg \& Sellier},
	title = {Storia della lingua latina},
	year = {1962}}

@book{Morphologie,
	address = {Paris},
	author = {Alfred Ernout},
	date-added = {2021-02-28 10:17:38 +0100},
	date-modified = {2021-02-28 10:19:45 +0100},
	keywords = {secondaire},
	publisher = {Klincksieck},
	title = {Morphologie historique du latin},
	year = {1953}}

@book{Parler_grec,
	address = {Paris},
	date-added = {2021-02-20 14:45:52 +0100},
	date-modified = {2021-02-20 14:49:46 +0100},
	editor = {Florence Dupont and Emmanuelle Valette-Cagnac},
	keywords = {secondaire},
	publisher = {Belin},
	title = {Fa{\c c}on de parler grec {\`a} Rome},
	year = {2005}}

@book{Testilatini,
	address = {Turin},
	author = {Pisani, Vittore},
	date-added = {2021-02-18 17:57:51 +0100},
	date-modified = {2021-02-18 18:00:48 +0100},
	keywords = {secondaire},
	publisher = {Rosenberg \& Sellier},
	title = {Testi latini arcaici e volgari},
	year = {1950}}

@book{Radke,
	address = {Darmstadt},
	author = {Radke, Gerhard},
	date-added = {2021-02-14 17:39:12 +0100},
	date-modified = {2021-02-14 17:40:48 +0100},
	keywords = {secondaire},
	publisher = {Wissenschaftliche Buchgesellschaft},
	title = {Archaisches Latein : historische und sprachgeschichtliche Untersuchungen},
	year = {1981}}

@book{Bailly,
	address = {Paris},
	author = {Bailly, Anatole},
	date-added = {2021-02-10 11:11:33 +0100},
	date-modified = {2021-02-10 11:12:45 +0100},
	edition = {S{\'e}chan, Louis},
	keywords = {dictionnaires},
	publisher = {Hachette},
	title = {Dictionnaire grec-fran{\c c}ais},
	year = {2013}}

@book{Lewis_Short,
	address = {Oxford},
	author = {Lewis, Charlton Thomas and Short, Charles},
	date-added = {2021-02-10 10:59:46 +0100},
	date-modified = {2021-02-10 11:02:43 +0100},
	keywords = {dictionnaires},
	publisher = {Clarendon Press},
	title = {A Latin dictionary},
	year = {1879}}

@book{TLL,
	address = {Leipzig},
	date-added = {2021-02-10 10:54:22 +0100},
	date-modified = {2021-04-03 19:13:25 +0200},
	keywords = {dictionnaires},
	publisher = {Teubner},
	title = {Thesaurus linguae Latinae},
	year = {1900 - }}

@book{Gaffiot,
	address = {Paris},
	author = {Gaffiot, F{\'e}lix},
	date-added = {2021-02-10 10:44:28 +0100},
	date-modified = {2021-02-10 11:13:17 +0100},
	edition = {3e {\'e}d. revue et augment{\'e}e, sous la dir. de Pierre Flobert},
	keywords = {dictionnaires},
	publisher = {Hachette},
	title = {Le grand Gaffiot : dictionnaire latin-fran{\c c}ais},
	year = {2017}}

@incollection{Cambridge_Poetry,
	address = {Cambridge},
	author = {Williams, Gordon},
	booktitle = {The Cambridge history of classical literature II : Latin Literature},
	date-added = {2021-02-07 13:42:00 +0100},
	date-modified = {2021-02-07 13:44:13 +0100},
	editor = {Kenney, Edward John},
	keywords = {secondaire},
	publisher = {Cambridge University Press},
	title = {The genesis of poetry in Rome},
	year = {1982}}

@incollection{Drama_Cambridge,
	address = {Cambridge},
	author = {Gratwick, Adrian Stuart},
	booktitle = {The Cambridge history of classical literature II : Latin Literature},
	date-added = {2021-02-07 13:26:44 +0100},
	date-modified = {2021-02-07 13:39:58 +0100},
	editor = {Kenney, Edward John},
	keywords = {secondaire},
	publisher = {Cambridge University Press},
	title = {Drama},
	year = {1982}}

@book{Ernout,
	address = {Paris},
	author = {Ernout, Alfred},
	date-added = {2021-02-07 12:16:49 +0100},
	date-modified = {2021-02-07 12:32:50 +0100},
	keywords = {primaire},
	publisher = {Klincksieck},
	title = {Recueil de textes latins archa\"{i}ques},
	year = {1916}}

@book{Blackwell,
	author = {Clackson, James and Horrocks, Geoffrey},
	date-added = {2021-02-07 09:17:51 +0100},
	date-modified = {2021-02-07 09:19:35 +0100},
	keywords = {secondaire},
	publisher = {Blackwell Publishing},
	title = {The Blackwell history of the Latin language},
	year = {2011}}

@book{Leonhardt,
	address = {Paris},
	author = {Leonhardt, J{\"u}rgen},
	date-added = {2021-02-07 09:07:06 +0100},
	date-modified = {2021-02-07 13:24:27 +0100},
	edition = {Traduit de l'allemand par Bertrand Vacher},
	keywords = {secondaire},
	publisher = {CNRS {\'e}ditions},
	title = {La grande histoire du latin},
	year = {2015}}

@book{Latina_Frammenti,
	date-added = {2021-02-02 19:29:44 +0100},
	date-modified = {2021-02-02 19:33:48 +0100},
	edition = {G{\^e}nes},
	editor = {Puccioni, Giulio and Ingallina, Salvatore Sergio},
	keywords = {secondaire},
	publisher = {Istituto di filologia classica e medievale},
	title = {Poesia Latina in Frammenti : miscellanea filologica},
	year = {1974}}

@book{Grimal,
	address = {Paris},
	author = {Pierre Grimal},
	date-added = {2021-01-31 19:57:19 +0100},
	date-modified = {2021-01-31 19:59:30 +0100},
	keywords = {secondaire},
	publisher = {Presses Universitaires de France},
	title = {La Litt{\'e}rature latine},
	year = {1965}}

@incollection{Penney_archaic,
	author = {Penney, John},
	booktitle = {A companion to the Latin language},
	date-added = {2021-01-31 11:00:39 +0100},
	date-modified = {2021-01-31 11:26:51 +0100},
	editor = {Clackson, James},
	journal = {A companion to the Latin language},
	keywords = {secondaire},
	pages = {220-235},
	publisher = {Malden MA : Wiley-Blackwel},
	title = {Archaic and old Latin},
	year = {2011}}

@book{Keil_Grammatici,
	address = {Cambridge},
	author = {Keil, Heinrich and Hertz, Martin},
	date-added = {2021-01-31 08:24:19 +0100},
	date-modified = {2021-01-31 08:26:12 +0100},
	keywords = {primaire},
	publisher = {University Press},
	title = {Grammatici Latini},
	year = {1859}}

@book{Valsa_Paucuvius,
	address = {Paris},
	author = {V\'{a}lsa, M\'{i}mis},
	date-added = {2021-01-30 19:08:11 +0100},
	date-modified = {2021-02-06 14:45:20 +0100},
	keywords = {primaire},
	publisher = {Les Belles Lettres},
	title = {Marcus Pacuvius, po{\`e}te tragique},
	year = {1957}}

@book{Romischen_Dichtung,
	address = {Stuttgart},
	author = {Ribbeck, Otto},
	date-added = {2021-01-30 16:00:38 +0100},
	date-modified = {2021-01-30 16:13:07 +0100},
	keywords = {secondaire},
	publisher = {J.G. Gotta'schen Buchhandlung},
	title = {Geschichte der R{\"o}mischen Dichtung. 1. Dichtung der Republik},
	volume = {I},
	year = {1894}}

@book{Metrica,
	address = {Leipzig},
	author = {M{\"u}ller, Lucian},
	date-added = {2021-01-26 14:30:16 +0100},
	date-modified = {2021-01-26 14:34:10 +0100},
	keywords = {secondaire},
	publisher = {Teubner},
	title = {De re metrica, poetarum Latinorum, praeter Plautum et Terentium},
	volume = {VII},
	year = {1894}}

@article{Dangel_Acc_Gram,
	author = {Jacqueline Dangel},
	date-added = {2021-01-23 16:40:28 +0100},
	date-modified = {2021-01-23 16:41:27 +0100},
	journal = {Latomus},
	keywords = {secondaire},
	number = {1},
	pages = {37-58},
	title = {Accius grammairien ?},
	volume = {49},
	year = {1990}}

@book{Boissier_Attius,
	author = {Boissier, Gaston},
	date-added = {2021-01-20 13:03:09 +0100},
	date-modified = {2021-01-30 16:09:57 +0100},
	edition = {Paris},
	keywords = {secondaire},
	publisher = {E. Giraud},
	title = {Le po{\`e}te Attius : {\'e}tude sur la trag{\'e}die latine pendant la R{\'e}publique},
	year = {1857}}

@article{Accius_Atree,
	author = {E. Penninck},
	date-added = {2021-01-20 11:20:35 +0100},
	date-modified = {2021-01-26 15:49:32 +0100},
	journal = {Latomus},
	keywords = {secondaire},
	number = {2},
	pages = {95-97},
	title = {L'Atr{\'e}e n'est pas la premi{\`e}re pi{\`e}ce d'Accius},
	volume = {3},
	year = {1939}}

@book{Sellar_The_roman_poets,
	address = {Oxford},
	author = {Sellar, William Young},
	date-added = {2021-01-02 11:45:25 +0100},
	date-modified = {2021-03-14 11:31:21 +0100},
	edition = {3{\`e}me {\'e}dition},
	keywords = {secondaire},
	publisher = {Clarendon Press},
	title = {The Roman poets of the Republic},
	year = {1881}}

@book{Beare_Roman_Stage,
	address = {Londre},
	author = {Beare, William},
	date-added = {2020-12-31 18:05:34 +0100},
	date-modified = {2020-12-31 18:06:32 +0100},
	keywords = {secondaire},
	publisher = {Methuen},
	title = {The Roman stage : a short history of Latin drama in the time of the republic},
	year = {1950}}

@book{Middleton_Latin,
	address = {London},
	author = {Middleton, George and Mills, Thomas Ross},
	date-added = {2020-12-31 16:26:53 +0100},
	date-modified = {2020-12-31 17:32:10 +0100},
	keywords = {secondaire},
	publisher = {Macmillan and Co},
	title = {The Student's Companion to Latin Authors},
	year = {1910}}

@book{Livingston,
	address = {New York},
	author = {Livingston, Ivy},
	date-added = {2020-12-31 16:15:48 +0100},
	date-modified = {2020-12-31 16:16:31 +0100},
	keywords = {secondaire},
	publisher = {Routledge},
	title = {A linguistic commentary on Livius Andronicus},
	year = {2004}}

@book{Leo_trag,
	address = {G{\"o}ttingen},
	author = {Friedrich, Leo},
	date-added = {2020-12-31 14:25:34 +0100},
	date-modified = {2020-12-31 14:27:16 +0100},
	keywords = {secondaire},
	publisher = {Dieterich},
	title = {De tragoedia Romana observationes criticae},
	year = {1910}}

@book{Nougaret,
	address = {Paris},
	author = {Nougaret, Louis},
	date-added = {2020-12-29 13:01:21 +0100},
	date-modified = {2020-12-29 13:04:59 +0100},
	keywords = {secondaire},
	publisher = {Klincksieck},
	title = {Trait{\'e} de m{\'e}trique latine classique},
	year = {1963}}

@book{Dupont_theatre,
	address = {Paris},
	author = {Dupont, Florence},
	date-added = {2020-12-29 10:46:30 +0100},
	date-modified = {2020-12-29 10:47:28 +0100},
	keywords = {secondaire},
	publisher = {Armand Colin},
	title = {Le th{\'e}{\^a}tre romain},
	year = {2017}}

@book{Wiseman_Drama,
	author = {Wiseman, Timothy Peter},
	date-added = {2020-12-28 18:32:23 +0100},
	date-modified = {2020-12-28 18:35:16 +0100},
	keywords = {secondaire},
	publisher = {University of Exeter Press},
	title = {Roman Drama and Roman History},
	year = {1998}}

@book{Neraudeau_litt,
	address = {Paris},
	author = {N{\'e}raudau, Jean-Pierre},
	date-added = {2020-12-28 13:55:57 +0100},
	date-modified = {2021-01-02 11:42:47 +0100},
	keywords = {secondaire},
	publisher = {Hachette},
	title = {La litt{\'e}rature latine : "L'{\'e}poque r{\'e}publicaine"},
	volume = {I},
	year = {1994}}

@book{Poci_traged,
	address = {Grenade},
	author = {Poci\~{n}a, P{\'e}rez},
	date-added = {2020-12-27 15:32:14 +0100},
	date-modified = {2020-12-27 15:37:07 +0100},
	keywords = {primaire},
	publisher = {Universidad de Granada},
	title = {El Tragedi\'{o}grafo latino Lucio Acio},
	year = {1984}}

@book{Danto_Acc,
	address = {Lecce},
	author = {D'Anto, Vincenzo},
	date-added = {2020-12-27 15:19:01 +0100},
	date-modified = {2020-12-27 15:21:50 +0100},
	keywords = {primaire},
	publisher = {Milella},
	title = {Accio : I frammenti delle tragedie},
	year = {1980}}

@book{Artigas_Pac,
	address = {Barcelone},
	author = {Artigas, Esther},
	date-added = {2020-12-27 15:13:08 +0100},
	date-modified = {2021-02-26 18:42:27 +0100},
	keywords = {primaire},
	publisher = {Fundaci\'{o} Bernat Metge},
	title = {Marcus Pacuvius: Trag{\`e}dies. Fragments.},
	year = {2009}}

@book{Pacuvii_dAnna,
	address = {Rome},
	author = {D'Anna, Giovanni},
	date-added = {2020-12-27 15:00:34 +0100},
	date-modified = {2020-12-27 15:02:27 +0100},
	keywords = {primaire},
	publisher = {In aedibus Athenaei},
	title = {M. Pacuvii fragmenta},
	year = {1967}}

@book{Jocelyn_trag,
	address = {Cambridge},
	author = {Jocelyn, Henry David},
	date-added = {2020-12-27 14:55:26 +0100},
	date-modified = {2020-12-27 14:59:02 +0100},
	keywords = {primaire},
	publisher = {University Press},
	title = {The tragedies of Ennius : the fragments},
	year = {1967}}

@book{Vahlen_Ennianae,
	author = {Vahlen, Iohannes},
	date-added = {2020-12-27 14:50:48 +0100},
	date-modified = {2020-12-27 14:52:41 +0100},
	edition = {Leipzig},
	keywords = {primaire},
	publisher = {Teubner},
	title = {Ennianae poesis reliquiae},
	year = {1903}}

@book{Marm_Naev,
	address = {Florence},
	author = {Marmorale, Enzo Vincenzo},
	date-added = {2020-12-27 14:45:18 +0100},
	date-modified = {2020-12-27 14:47:15 +0100},
	keywords = {primaire},
	publisher = {La Nuova Italia},
	title = {Naevius poeta},
	year = {1950}}

@book{Traglia_Poeti,
	address = {Turin},
	author = {Traglia, Antonio},
	date-added = {2020-12-27 14:41:20 +0100},
	date-modified = {2020-12-27 14:42:49 +0100},
	keywords = {primaire},
	publisher = {Unione tipografico-editrice torinese},
	title = {Poeti latini arcaici},
	year = {1986}}

@book{Warmington_Remains,
	author = {Warmington, Eric Herbert},
	date-added = {2020-12-27 14:34:35 +0100},
	date-modified = {2020-12-27 15:12:17 +0100},
	keywords = {primaire},
	publisher = {Loeb},
	title = {Remains of old Latin},
	volume = {I-II},
	year = {1935}}

@book{Klotz,
	address = {Oldenbourg},
	author = {Klotz, Alfred},
	date-added = {2020-12-27 13:40:15 +0100},
	date-modified = {2020-12-27 13:48:53 +0100},
	keywords = {primaire},
	publisher = {Sumptibus R. Gosling},
	title = {Scaenicorum Romanorum Fragmenta},
	volume = {I},
	year = {1953}}

@book{Rib_trag,
	address = {Leipzig},
	author = {Ribbeck, Otto},
	date-added = {2020-12-27 13:36:58 +0100},
	date-modified = {2020-12-27 13:37:55 +0100},
	keywords = {secondaire},
	publisher = {Teubner},
	title = {Die r{\"o}mische Trag{\"o}die im Zeitalter der Republik},
	year = {1875}}

@book{Sextus_Lindsay,
	address = {Leipzig},
	author = {Lindsay, Wallace Martin},
	date-added = {2020-12-26 13:14:31 +0100},
	date-modified = {2020-12-26 13:15:47 +0100},
	keywords = {primaire},
	publisher = {Teubner},
	title = {Sextus Pompeius Festus : De verborum significatu quae supersunt cum Pauli epitome.},
	year = {1913}}

@book{Non_Lindsay,
	address = {Leipzig},
	author = {Lindsay, Wallace Martin},
	date-added = {2020-12-26 13:08:57 +0100},
	date-modified = {2020-12-26 13:11:36 +0100},
	keywords = {primaire},
	publisher = {Teubner},
	title = {Nonius Marcellus : De compendiosa doctrina libri XX},
	year = {1903}}

@article{Dueck_quotations,
	author = {Dueck, Daniela},
	date-added = {2020-12-20 17:48:11 +0100},
	date-modified = {2020-12-20 17:49:42 +0100},
	journal = {Hermes},
	keywords = {secondaire},
	number = {137},
	pages = {314-334},
	title = {Poetic Quotations in Latin Prose Works of Philosophy},
	year = {2009}}

@article{Meglio_citazione,
	author = {Di Meglio, Alessandra},
	date-added = {2020-12-20 17:45:54 +0100},
	date-modified = {2021-02-06 14:36:22 +0100},
	journal = {Myrtia},
	keywords = {secondaire},
	pages = {203-223},
	title = {«Ut ait Pacuvius»: sulle citazioni pacuviane nel De Divinatione di Cicerone},
	volume = {35},
	year = {2020}}

@article{Authier_discours,
	author = {Authier, Jacqueline},
	date-added = {2020-12-20 17:31:56 +0100},
	date-modified = {2020-12-20 17:47:53 +0100},
	journal = {DRLAV. Documentation et Recherche en Linguistique Allemande Vincennes},
	keywords = {secondaire},
	pages = {1-87},
	title = {Les formes du discours rapport{\'e}. Remarques syntaxiques et s{\'e}mantiques {\`a} partir des traitements propos{\'e}s},
	volume = {17},
	year = {1978}}

@book{TrRf_II_2012,
	address = {G{\"o}ttingen},
	author = {Manuwald, Gesine},
	date-added = {2020-12-20 15:27:26 +0100},
	date-modified = {2020-12-20 15:40:21 +0100},
	keywords = {primaire},
	publisher = {Vandenhoeck und Ruprecht},
	series = {Tragicorum Romanorum Fragmenta},
	title = {Ennius},
	volume = {II},
	year = {2012}}

@book{TrRF_I_2012,
	address = {G{\"o}ttingen},
	author = {Markus Schauer},
	date-added = {2020-12-20 15:18:49 +0100},
	date-modified = {2020-12-20 15:27:19 +0100},
	keywords = {primaire},
	publisher = {Vandenhoeck und Ruprecht},
	series = {Tragicorum Romanorum Fragmenta},
	title = {Livius Andronicus, Naevius, Tragici Minores, Fragmenta Adespota},
	volume = {I},
	year = {2012}}

@article{Welsh_frag,
	author = {Welsh, Jarrett Tyler},
	date-added = {2020-12-20 14:31:41 +0100},
	date-modified = {2020-12-20 14:36:23 +0100},
	journal = {The Classical Quarterly},
	keywords = {secondaire},
	number = {2},
	pages = {827-845},
	title = {The methods of Nonius Marcellus' sources 26, 27 and 28},
	volume = {62},
	year = {2012}}

@book{Lindsay_dictionnary,
	address = {Oxford},
	author = {Lindsay, Wallace Martin},
	date-added = {2020-12-20 14:01:03 +0100},
	date-modified = {2020-12-26 13:19:38 +0100},
	keywords = {secondaire},
	publisher = {James Parker and Co.},
	title = {Nonius Marcellus' Dictionary of republican Latin},
	year = {1901}}

@article{Lindsay_Citationibus,
	author = {Lindsay, Wallace Martin},
	date-added = {2020-12-20 12:42:16 +0100},
	date-modified = {2020-12-20 12:45:30 +0100},
	journal = {Philologus},
	keywords = {secondaire},
	pages = {438-464},
	title = {De Citationibus apud Nonium Marcellum},
	volume = {64},
	year = {1905}}

@inproceedings{Pie,
	address = {Minneapolis, Minnesota},
	author = {Manjavacas, Enrique and K{\'a}d{\'a}r, {\'A}kos and Kestemont, Mike"},
	booktitle = {Proceedings of the 2019 Conference of the North American Chapter of the Association for Computational Linguistics: Human Language Technologies, Volume 1 (Long and Short Papers)},
	date-added = {2020-12-20 11:47:35 +0100},
	date-modified = {2021-02-26 18:12:49 +0100},
	journal = {Proceedings of the 2019 Conference of the North American Chapter of the Association for Computational Linguistics: Human Language Technologies, Volume 1 (Long and Short Papers)},
	keywords = {Philologie computationnelle},
	pages = {1493-1503},
	publisher = {Association for Computational Linguistics},
	title = {Improving Lemmatization of Non-Standard Languages with Joint Learning},
	year = {2019}}

@article{Arico_Spirat,
	author = {Arico, Giuseppe},
	date-added = {2020-12-20 10:39:04 +0100},
	date-modified = {2020-12-22 11:21:34 +0100},
	journal = {Pallas. Revue d'{\'e}tudes antiques},
	keywords = {secondaire},
	pages = {73-90},
	title = {...spirat tragicum (Horace, epist. 2, 1, 166). R{\'e}flexions sur le tragique romain archa\"ique},
	volume = {49},
	year = {1998}}

@book{MagnoPaca,
	address = {Milan},
	author = {Magno, Pietro},
	date-added = {2020-12-20 10:34:36 +0100},
	date-modified = {2020-12-20 11:37:09 +0100},
	keywords = {primaire},
	publisher = {Pegaso},
	title = {Marco Pacuvio},
	year = {1977}}

@article{Auv_cit_Cic,
	author = {Auvray-Assayas, Clara},
	date-added = {2020-12-20 09:30:49 +0100},
	date-modified = {2020-12-20 09:32:27 +0100},
	journal = {Pallas. Revue d'{\'e}tudes antiques},
	keywords = {secondaire},
	pages = {269-277},
	title = {Relectures philosophiques de la trag{\'e}die : les citations tragiques dans l'{\oe}uvre de Cic{\'e}ron},
	volume = {49},
	year = {1998}}

@book{Lennartz_Sed,
	address = {Leipzig},
	author = {Lennartz, Klaus},
	date-added = {2020-12-20 08:44:04 +0100},
	date-modified = {2020-12-20 11:33:41 +0100},
	keywords = {secondaire},
	publisher = {Teubner},
	title = {Non verba sed vim : Kritisch-exegetische Untersuchungen zu den Fragmenten archaischer r{\"o}mischer Tragiken},
	year = {1994}}

@article{Par_Origines,
	author = {Par{\'e}-Rey, Pascale},
	date-added = {2020-12-19 12:54:20 +0100},
	date-modified = {2020-12-20 11:42:51 +0100},
	journal = {Emerita},
	keywords = {secondaire},
	number = {2},
	pages = {203-225},
	title = {Aux origines du th{\'e}{\^a}tre {\`a} Rome: l'excursus livien},
	volume = {LXXXVII},
	year = {2019}}

@book{R_tragedy_Boyle,
	address = {Londre},
	author = {Boyle, Anthony},
	date-added = {2020-12-15 14:46:56 +0100},
	date-modified = {2020-12-15 14:53:41 +0100},
	keywords = {secondaire},
	publisher = {Routledge},
	title = {An Introduction to Roman Tragedy},
	year = {2006}}

@book{R_tragedy_Er,
	address = {Austin},
	author = {Erasmo, Mario},
	date-added = {2020-12-15 14:37:41 +0100},
	date-modified = {2020-12-20 08:58:30 +0100},
	keywords = {secondaire},
	publisher = {University of Texas Press},
	title = {Roman Tragedy " Theatre to theatricality"},
	year = {2004}}

@book{SchierlPaca,
	address = {Berlin},
	author = {Schierl, Petra},
	date-added = {2020-10-13 18:44:06 +0200},
	date-modified = {2020-10-13 18:49:31 +0200},
	keywords = {primaire},
	publisher = {De Gruyter},
	title = {Die Trag{\"o}dien des Pacuvius},
	year = {2006}}

@book{SpaltenLivius,
	address = {Bruxelle},
	author = {Spaltenstein, Fran{\c c}ois},
	date-added = {2020-09-16 12:21:47 +0200},
	date-modified = {2020-09-16 12:23:21 +0200},
	keywords = {primaire},
	publisher = {Collection Latomus},
	title = {Commentaire des fragments dramatiques de Livius Andronicus},
	year = {2008}}

@book{Dangel,
	address = {Paris},
	author = {Dangel, Jacqueline},
	date-added = {2020-08-24 18:34:56 +0200},
	date-modified = {2020-09-12 11:59:52 +0200},
	keywords = {primaire},
	publisher = {Les Belles Lettres},
	title = {Accius: Oeuvres (fragments)},
	year = {1995}}

@book{SpaltenNaevius,
	address = {Bruxelle},
	author = {Spaltenstein, Fran{\c c}ois},
	date-added = {2020-08-24 18:25:43 +0200},
	date-modified = {2020-09-12 11:59:28 +0200},
	keywords = {primaire},
	publisher = {Collection Latomus},
	title = {Commentaire des fragments dramatiques de Naevius},
	year = {2014}}

@book{Ribbeck3,
	address = {Leipzig},
	author = {Ribbeck, Otto},
	date-added = {2020-08-24 18:16:35 +0200},
	date-modified = {2020-09-12 12:00:41 +0200},
	edition = {Troisi{\`e}me {\'e}dition},
	keywords = {primaire},
	publisher = {Teubner},
	title = {Scaenicae Romanorum Poesis Fragmenta},
	volume = {II : Tragicorum romanorum fragmenta},
	year = {1897}}

@book{Ribbeck1,
	address = {Leipzig},
	author = {Ribbeck, Otto},
	date-added = {2020-08-24 18:13:09 +0200},
	date-modified = {2020-09-12 12:00:38 +0200},
	edition = {Premi{\`e}re {\'e}dition},
	keywords = {primaire},
	publisher = {Teubner},
	title = {Scaenicae Romanorum Poesis Fragmenta},
	volume = {II : Tragicorum romanorum fragmenta},
	year = {1852}}

@book{Ribbeck2,
	address = {Leipzig},
	author = {Ribbeck, Otto},
	date-added = {2020-08-24 16:32:01 +0200},
	date-modified = {2020-09-12 12:00:25 +0200},
	edition = {Deuxi{\`e}me {\'e}dition},
	keywords = {primaire},
	publisher = {Teubner},
	title = {Scaenicae Romanorum Poesis Fragmenta},
	volume = {II : Tragicorum romanorum fragmenta},
	year = {1871}}

@book{EnniusLoeb,
	address = {Cambridge, Massachusetts ; London, England},
	author = {Goldberg, Sander and Manuwald, Gesine},
	date-added = {2020-08-24 13:56:50 +0200},
	date-modified = {2020-09-12 12:00:13 +0200},
	keywords = {primaire},
	publisher = {Harvard University Press : Loeb Classical Library},
	title = {Fragmentary republican latin, Ennius : Dramatic Fragments ; minor works},
	volume = {II},
	year = {2018}}
